@Book{Zarchan,
	author = {Paul Zarchan; Howard Musoff},
	title = {Fundamentals of Kalman Filtering: A Practical Approach},
	year = {2000},
	publisher = {American Institute of Aeronautics and Astronautics, Incorporated},
	ISBN = { 9781563474552},
	url=[https://books.google.sk/books?id=AQxRAAAAMAAJ&redir_esc=y]
}
@Book{anderssen,
	title     = {Non-linear DSGE Models, The Central Difference Kalman Filter, and The Mean Shifted Particle Filter},
	author    = {Martin MÃ¸ller Andreasen},
	year      = {208},
}
@article{Wolpert,
author = {Wolpert, Daniel; Ghahramani, Zoubin},
title = {Computational principles of movement neuroscience},
journaltitle = {Nature Neuroscience},
year = {2000}
}

	

