@mvbook{ID,
	author = {author},
	title = {title},
	date = {date},
}
